%%%%%%%%%%%%%%%%%%%%%%%%%%%%%%%%%%%%%%%%%%%%%%%%%%%%%%%%%%%%%%%%%%%%%%%%%%%%%
%============================================== from MA =====%
%%%%%%%%%%%%%%%%%%%%%%%%%%%%%%%%%%%%%%%%%%%%%%%%%%%%%%%%%%%%%%%%%%%%%%%%%%%%%

@MastersThesis{PandeyMA,
author = {Rick Pandey},
title = {{Robust Signal Processing of Manually Acquired Single-Channel Synthetic Aperture Ultrasound Measurement Data}},
school = {{Technische Universit{\"a}t Ilmenau}},
year = {2020},
}

@Misc{OmiraBA,
author = {{Ahmad Omira}},
title = {{Real-time Reconstruction of Manually Measured Compressed Ultrasound Synthetic Aperture Measurement Data}},
school = {{Technische Universit{\"a}t Ilmenau}},
year = {2021},
note = {{Bachelor's thesis}}
}


@article{Kolda09Tensor,
	author = {{T. G. Kolda and B. W. Bader}},
	title = {{Tensor Decompositions and Applications}},
	journaltitle = {{SIAM REVIEW}},
	year = {2009},
	doi = {10.1137/07070111X},
}



%%%% Interpolation + NN %%%%
@Misc{Avalos19Geo,
title={{Geological modeling using a recursive convolutional neural networks approach}}, 
author={S. Avalos and J. M. Ortiz},
year={2019},
note = {\url{https://arxiv.org/abs/1904.12190}},
OPTeprint={1904.12190},
OPTarchivePrefix={arXiv},
OPTprimaryClass={eess.IV}
}

@ARTICLE{Pham19MedGeo,
author={T. D. {Pham}},
journal={IEEE Access}, 
title={Geostatistical Simulation of Medical Images for Data Augmentation in Deep Learning}, 
year={2019},
OPTvolume={7},
OPTnumber={},
OPTpages={68752-68763},
note = {\url{https://ieeexplore.ieee.org/document/8725492}}
}

@Misc{Gosalbez11NDTGeo,
author = {J. Gosalbez and A. Salazar and G. Safont and I. Bosch and R. Miralles and L. Vergara and V. Albert},
title = {Application of non-destructive evaluation and signal processing for diagnosis of historic heritage buildings},
year = {2011},
note ={\url{https://riunet.upv.es/handle/10251/56157}}
}

%%%%%%%%%%%%%%%%%%%%%%%%%%%%%%%%%%%%%%%%
%%%%%%%%%%%%%%% Geostatistics %%%%%%%%%%%%%%%
%%%%%%%%%%%%%%%%%%%%%%%%%%%%%%%%%%%%%%%%

%%%%% ST data analysis & processing %%%%%
@Inbook{Revesz09ReportSTitp,
author={{P. Revesz}},
title = {{Spatiotemporal Interpolation Algorithms}},
bookTitle= {{Encyclopedia of Database Systems}},
year = {2009},
publisher= {{Springer US}},
pages={2736--2739},
note = {\url{https://doi.org/10.1007/978-0-387-39940-9_803}},
}

@inproceedings{Cai20STitpCorona,
author = {{J. Cai and P. Z. Revesz}},
title = {{A Novel Spatio-Temporal Interpolation Algorithm and Its Application to the COVID-19 Pandemic}},
year = {2020},
publisher = {{Association for Computing Machinery}},
booktitle = {{Proceedings of the 24th Symposium on International Database Engineering &amp; Applications}},
note = {\url{https://dl.acm.org/doi/10.1145/3410566.3410602}},
}

@Book{Cressie11STstatistics,
author = {{N. A. C. Cressie and C. K. Wikle}},
title = {{Statistics for SPATIO-TEMPORAL DATA}},
publisher = {{WILEY}},
year = {2011},
}

@Book{Sherman10STstatistics,
author = {{M. Sherman}},
title = {{Spatial Statistics and Spatio-Temporal Data: Covariance Functions and Directional Properties}},
publisher = {{WILEY}},
year = {2010},
}


@article{Atluri17STitp,
	author = {{G. Atluri and A. Karpatne and V. Kumar}},
	title = {{Spatio-Temporal Data Mining: A Survey of Problems and Methods}},
	journal = {{ACM Computing Surveys}},
	publisher = {{Association for Computing Machinery}},
	year = {2018},
}


@article{Shekhar15STdatamining,
	author = {{S. Shekhar and Z. Jiang and R. Y. Ali and E. Eftelioglu and X. Tang and V. M. V. Gunturi and X. Zhou}},
	title = {{Spatiotemporal data mining: A computational perspective}},
	journal = {{ISPRS International Journal of Geo-Information}},
	year = {2015},
	publisher = {{MDPI AG}},
}


% SRF model
@Book{Christakos92SRFbook,
author = {{G. Christakos}},
title = {{Random Field Models in Earth Sciences}},
publisher = {{Academic Press}},
year = {1992},
note = {\url{https://www.sciencedirect.com/book/9780121742300/random-field-models-in-earth-sciences}},
}

@Book{Cressie93SpatialStatisticsbook,
author = {{N. A. C. Cressie}},
title = {{Statistics for Spatial Data}},
publisher = {{WILEY}},
year = {1993},
}

%%%% SPDE relevant %%%%
@article{Whittle54SPDE,
	author = {{P. Whittle}},
	title = {{On Stationary Processes in the Plane}},
	journaltitle = {Biometrika},
	year = {1954},
	volume = {41},
	number = {3/4},
	pages = {434–449},
}

@article{Sigrist_14SPDE,
	title={{Stochastic partial differential equation based modelling of large space-time data sets}},
	author={{F. Sigrist and H.R. Künsch and W. A. Stahel}},
	journal={Journal of the Royal Statistical Society: Series B (Statistical Methodology)},
	publisher={Wiley},
	year={2014},
	pages={3–33},
	note = {\url{ http://dx.doi.org/10.1111/rssb.12061}}
}


%%%%%%%%%%%% FK relevant %%%%%%%%%%%%
@Article{Rao14FV,
	author = {{T. S. Rao and S. Das and G. N. Boshnakov}},
	title = {{A Frequency domain approach for the estimation of parameters of spatio-temporal stationary random processes}},
	journal = {Journal of Time Series Analysis},
	volume = {35},
	number = {4},
	pages = {357-377},
	year = {2014}
}

@Article{Rao17IntrinsicFV,
author = {{T. S. Rao and G. Terdik}},
title = {{ON THE FREQUENCY VARIOGRAM AND ON FREQUENCY DOMAIN METHODS FOR THE ANALYSIS OF SPATIO-TEMPORAL DATA}},
journal = {Journal of Time Series Analysis},
year = {2017},
note = {\url{https://onlinelibrary.wiley.com/doi/full/10.1111/jtsa.12231}},
}

@Article{Rao17StationaryFK,
author = {{T. S. Rao and G. Terdik}},
title = {{A New Covariance Function and Spatio‐Temporal Prediction (Kriging) for A Stationary Spatio‐Temporal Random Process}},
journal = {Journal of Time Series Analysis},
year = {2017},
note = {\url{https://onlinelibrary.wiley.com/doi/full/10.1111/jtsa.12245}},
}

@book{Brillinger81book,
author = {{D. R. Brillinger}},
title = {{Time Series: Data Analysis and Theory}},
publisher = {{SIAM: Society for Industrial and Applied Mathematics}},
year = {1981},
}

@book{Hansen98IllPosedProb,
	author = {{P. C. Hansen}},
	title = {{Rank-Deficient and Discrete Ill-Posed Problems}},
	year = {1998},
	publisher = {{Society for Industrial and Applied Mathematics}},
	isbn = {978-0-89871-403-6},
}

@article{Hansen91MTSVD,
	author = {{P.C. Hansen and T. Sekii and H. Shibahashi}},
	title = {{THE MODIFIED TRUNCATED SVD METHOD FOR REGULARIZATION IN GENERAL FORM}},
	journal = {{SIAM J. Sci. and Stat. Comput}},
	year = {1991},
	note = {\url{https://epubs.siam.org/doi/abs/10.1137/0913066?journalCode=sijcd4}}
}


%%%%%%%%%%%%%%%%%%%%%%%%%%%%%%%%%%%%
%%%%%%%%%%%%%% Else %%%%%%%%%%%%%%


@Article{Li14IDW,
author = {L. Li and T. Losser and C. Yorke and R. Piltner},
title = {{Fast Inverse Distance Weighting-Based Spatiotemporal Interpolation: A Web-Based Application of Interpolating Daily Fine Particulate Matter PM2.5 in the Contiguous U.S. Using Parallel Programming and k-d Tree}},
journal = {{International Journal of Environmental Research and Public Health}},
year = {2014},
month = {September},
note = {\url{https://www.ncbi.nlm.nih.gov/pmc/articles/PMC4199009/}},
}

@Book{Wackernagel03Geo,
author = {H. Wackernagel},
title = {{Multivariate Geostatistics}},
publisher = {Springer-Verlag Berlin Heidelberg},
year = {2003},
}

@article{Berndt18Geo,
title = {{Spatial interpolation of climate variables in Northern Germany—Influence of temporal resolution and network density}},
author = {C. Berndt and U. Haberlandt},
journal = {Journal of Hydrology: Regional Studies},
volume = {15},
pages = {184 - 202},
year = {2018},
OPTissn = "2214-5818",
OPTdoi = "https://doi.org/10.1016/j.ejrh.2018.02.002",
note = {\url{http://www.sciencedirect.com/science/article/pii/S2214581817303361}},
}

@article{Li11Geo,
title = {A Review of Spatial Interpolation Methods for Environmental Scientists},
author = {J. Li and A. D. Heap},
journal = {Geoscience Australia},
pages = {137pp},
year = {2008},
note = {\url{http://planet.botany.uwc.ac.za/NISL/BCB_BIM_honours/Course_Documents_2016/Spatial_Interpolation_statistics_methods.pdf}}
}

@Proceedings{Yang04Geo,
author = {C. Yang and S. Kao and F. Lee and P. Hung},
title = {Twelve different interpolation methods: A case study of Surfer 8.0},
booktitle = {Proceedings of the XXth ISPRS Congress},
year = {2004},
pages = {778--785},
note = {\url{http://citeseerx.ist.psu.edu/viewdoc/summary?doi=10.1.1.183.7288}}
}

@Misc{BardossyGeoLect,
author = {{A. B\`{a}rdossy}},
title = {Introduction to Geostatistics},
note = {Institute of Hydraulic Engineering, University of Stuttgart},
}

@article{Li18Geo,
author = {Z. Li and X. Zhang and K. C. Clarke and G. Liu and R. Zhu},
title = {An automatic variogram modeling method with high reliability fitness and estimates},
journal = {{Computers \& Geosciences}},
volume = {120},
pages = {48 - 59},
year = {2018},
note = {\url{http://www.sciencedirect.com/science/article/pii/S0098300418300074}},
}

@Book{Burrough15book,
author = {{P. A. Burrough and R. A. McDonnell and C. D. Lloyd}},
title = {{Principles of Geographical Information Systems}},
publisher = {{OXFORD University Press}},
year = {2015},
}

@misc{Maelicke21SciGStat,
	author = {{M. Mälicke and E. Möller and H. D. Schneider and S. Müller}},
	title = {{mmaelicke/scikit-gstat: A scipy flavoured geostatistical variogram analysis toolbox}},
	year = {2021},
	version = {v0.6.0},
	note = {\url{http://doi.org/10.5281/zenodo.4835779}},
	doi = {{10.5281/zenodo.4835779}},
}



%%%% Geostats + NDT %%%%
@PhdThesis{Cardenas15PhD,
author = {Carolina Gomez-Cardenas},
title = {Development of new tools for optimizing non-destructive inspection campaigns on reinforced concrete structures},
school = {Paul Sabatier University},
year = {2015},
note = {\url{https://tel.archives-ouvertes.fr/tel-01330763/document}},
}

@article{Nguyen13NDTGeo,
author = {{N. T. Nguyen and Z. M. Sbarta\"{i} and J. F. Lataste and D. Breysse and F. Bos}},
title = {Assessing the spatial variability of concrete structures using NDT techniques – Laboratory tests and case study},
journal = {Construction and Building Materials},
OPTvolume = "49",
OPTpages = "240 - 250",
year = {2013},
OPTissn = "0950-0618",
note = {\url{http://www.sciencedirect.com/science/article/pii/S0950061813007411}},
}


%%%%%%% Geostats + NN %%%%%%
@misc{Wu20DNNSTKriging,
	title={{Inductive Graph Neural Networks for Spatiotemporal Kriging}}, 
	author={{Y. Wu and D. Zhuang and A. Labbe and L. Sun}},
	year={2020},
	note = {\url{https://arxiv.org/abs/2006.07527}}
}

@article{Bai19MLKriging,
	author = {{T. Bai and P. Tahmasebi}},
	title = {{Accelerating geostatistical modeling using geostatistics-informed machine Learning}},
	journal = {{Computers and Geosciences}},
	year = {2019},
}

@article{Karpatne19MLGeostat,
	author={A. Karpatne and I. Ebert-Uphoff and S. Ravela and H. A. Babaie and V. Kumar},
	journal = {{IEEE Transactions on Knowledge and Data Engineering}}, 
	title={{Machine Learning for the Geosciences: Challenges and Opportunities}}, 
	year={2019},
	volume={31},
	number={8},
	pages={1544-1554},
	doi={10.1109/TKDE.2018.2861006}
}

@article{Reichstein19MLGeostat,
	author = {{M. Reichstein and G. Camps-Valls and B. Stevens, M. Jung and J. Denzler and N. Carvalhais and Prabhat}},
	title = {{Deep learning and process understanding for data-driven Earth system science}},
	journal = {Nature},
	year = {2019},
	volume = {566},
	pages = {195-204},
	doi = {10.1038/s41586-019-0912-1},
	note = {\url{https://www.nature.com/articles/s41586-019-0912-1}}
}


%%%%%%%%%%%%%%%%%%%%%%%%%%%%%%%%%%%%%%%%
%%%%%%%%%%%                       ST-data                %%%%%%%%%%%%
%%%%%%%%%%%%%%%%%%%%%%%%%%%%%%%%%%%%%%%%
@article{Moradi19NeuroimagingST,
	author = {{N. Moradi and M. Dousty and R. C. Sotero}},
	title = {{Spatiotemporal Empirical Mode Decomposition of Resting-State fMRI Signals: Application to Global Signal Regression}},
	journaltitle = {{Frontiers in Neuroscience}},
	year = {2019},
	note = {\url{https://www.frontiersin.org/articles/10.3389/fnins.2019.00736/full}}
}



%%%%%%%%%%%%%%%%%%%%%%%%%%%%%%%%%%%%%%%%
%%%%%%%%%%%                       NN and ML                  %%%%%%%%%%%%
%%%%%%%%%%%%%%%%%%%%%%%%%%%%%%%%%%%%%%%%

%%%%%% Algorithm Unrolling %%%%%%
@Article{Monga21AlgorithmUnrolling,
  author={V. Monga and Y. Li and Y. C. Eldar},
  journal={IEEE Signal Processing Magazine}, 
  title={{Algorithm Unrolling: Interpretable, Efficient Deep Learning for Signal and Image Processing}}, 
  year={2021},
  volume={38},
  number={2},
  pages={18-44},
  doi={10.1109/MSP.2020.3016905}} 

@inproceedings{Gregor10AlgUnrolling,
	author = {{K. Gregor and Y. LeCun}},
	title = {{Learning Fast Approximations of Sparse Coding}},
	booktitle = {{27 th International Conference on Machine Learning}},
	date = {2010},
	note = {\url{https://icml.cc/Conferences/2010/papers/449.pdf}}
}


%%% Data-Driven Hybrid Networks %%%
@article{Karpatne17HybridDNN,
	author={{A. Karpatne and G. Atluri and J. H. Faghmous and M. Steinbach and A. Banerjee and A. Ganguly and S. Shekhar and N. Samatova and V. Kumar}},
	title={{Theory-Guided Data Science: A New Paradigm for Scientific Discovery from Data}},
	year = {2017},
	journal={IEEE Transactions on Knowledge and Data Engineering},
	volume={29},
	ISSN={1041-4347},
	note = {\url={http://dx.doi.org/10.1109/TKDE.2017.2720168}},
	DOI={10.1109/tkde.2017.2720168},
	number={10},
	publisher={Institute of Electrical and Electronics Engineers (IEEE)},
	pages={2318–2331}
}

@misc{Willard20HybridDNN,
	author = {{J. Willard and X. Jia and S. Xu and M. Steinbach and V. Kumar}},
	title = {{Integrating Physics-Based Modeling with Machine Learning: A Survey}}, 
	year={2020},
	note = {\url{https://arxiv.org/abs/2003.04919}}
}

@inproceedings{Long18STLSTM,
	author = {{Y. Long and X. She and S. Mukhopadhyay}},
	title = {{HybridNet: Integrating Model-based and Data-driven Learning to Predict Evolution of Dynamical Systems}},
	booktitle = {{2nd Conference on Robot Learning (CoRL 2018)}},
	year = {2018},
}

@article{Ghadikolaei20HybridDNN,
	author={{Ghadikolaei, Hossein S. and Ghauch, Hadi and Fodor, Gabor and Skoglund, Mikael and Fischione, Carlo}},
	title={{A Hybrid Model-Based and Data-Driven Approach to Spectrum Sharing in mmWave Cellular Networks}},
	journal={IEEE Transactions on Cognitive Communications and Networking},
	volume={6},
	ISSN={2372-2045},
	note = {\url={http://dx.doi.org/10.1109/TCCN.2020.2981031}},
	DOI={10.1109/tccn.2020.2981031},
	number={4},
	publisher={Institute of Electrical and Electronics Engineers (IEEE)},
	year={2020},
	pages={1269–1282}
}

%%%%%%%%%% else %%%%%%%%%%

@inbook{LeCun12BackProp, 
	author = {{Y. A. LeCun and L. Bottou and G. B. Orr and K. Miller}}, 
	title = {{Efficient BackProp}},
	booktitle = {{Neural Networks: Tricks of the Trade}},
	year = {2012},
	publisher = {Springer},
	pages = {9-48},
	note = {\url{http://yann.lecun.com/exdb/publis/pdf/lecun-98b.pdf }}
}


@article{Hochreiter97LSTM,
	author = {{S. Hochreiter and J. Schmidhuber}},
	title = {{LONG SHORT-TERM MEMORY}},
	journal = {{Neural Computation}},
	year = {1997},
	doi = {{10.1162/neco.1997.9.8.1735}},
}

@misc{Chai21Nature,
	author = {{X. Chai and H. Gu and F. Li and H. Duan and X. Hu and K. Lin}},
	title = {{Deep learning for irregularly and regularly missing data reconstruction}},
	type = {Scientific Reports},
	institution = {Nature},
	year = {2021},
	note = {\url{https://www.nature.com/articles/s41598-020-59801-x}}
}
@misc{Avalos19DLGeo,
	title={{Geological modeling using a recursive convolutional neural networks approach}}, 
	author={{S. Avalos and J. M. Ortiz}},
	year={2019},
	note = {\url{https://arxiv.org/abs/1904.12190}}
}

@inproceedings{Wang17STLSTM,
	author = {{Y. Wang and M. Long and J. Wang and Z. Gao and P. S. Yu}},
	title = {{PredRNN: Recurrent Neural Networks for Predictive Learning using Spatiotemporal LSTMs}},
	booktitle = {{31st Conference on Neural Information Processing Systems (NIPS 2017}},
	year = {2017},
}

@inproceedings{Sen19MultiDimLSTM,
	author = {{R. Sen and H. F. Yu and I. Dhillon}},
	title = {{Think Globally, Act Locally: A Deep Neural Network Approach to High-Dimensional Time Series Forecasting}},
	year = {2019},
	booktitle = {{33rd Conference on Neural Information Processing Systems (NeurIPS 2019)}},
}

@misc{Bai19STLSTM,
	title={{Deep Learning Based Motion Planning For Autonomous Vehicle Using Spatiotemporal LSTM Network}}, 
	author={{Z. Bai and B. Cai and W. Shangguan and L. Chai}},
	year={2019},
	note = {\url{https://arxiv.org/abs/1903.01712]}}
}

@article{Ma19STLSTM,
	author = {{J. Ma and Y. Ding and J. C. P. Cheng and F. Jiang and Z. Wan}},
	title = {{A temporal-spatial interpolation and extrapolation method based on geographic Long Short-Term Memory neural network for PM2.5}},
	journal = {{Journal of Cleaner Production}},
	year = {2019},
}

@inproceedings{Liu16STLSTM,
	author = {{J. Liu and A. Shahroudy and D. Xu and G. Wang}},
	title = {{Spatio-Temporal LSTM with Trust Gates for 3D Human Action Recognition}},
	booktitle = {{Computer Vision -- ECCV 2016}},
	year = {2016},
	note = {\url{https://link.springer.com/chapter/10.1007/978-3-319-46487-9_50}}
}

@book{Hsieh09MLbook,
	author = {{W. W. Hsieh}},
	title = {{Machine learning methods in the environmental sciences: Neural networks and kernels}},
	year = {2009},
	publisher = {{Cambridge university press}},
}

@book{Ivezic19MLbook,
	author = {{Ž. Ivezić and A. J. Connolly and J. T. VanderPlas and A. Gray}},
	title = {{Statistics, data mining, and machine learning in astronomy: a practical Python guide for the analysis of survey data.}},
	year = {2019},
	publisher = {{Princeton University Press}},
}

@inproceedings{He15ImageNet,
	author = {K. He and X. Zhang and S. Ren and J. Sun},
	title = {{Delving Deep into Rectifiers: Surpassing Human-Level Performance on ImageNet Classification}}, 
	booktitle = {{IEEE International Conference on Computer Vision (ICCV)}},
	year={2015},
}

@book{Buduma17DLbook,
	author = {{N. Buduma and N. Lacascio}},
	title = {{Fundamentals of Deep Learning}},
	year = {2017},
	subtitle = {{Designing Next-Generation Machine Intelligence Algorithms}},
	publisher = {{O'Reilly Media}},
}



%%%%%%%%%%%%%%%%%%%%%%%%%%%%%%%%%%%%%%%%
%%%%%%%%%%%%%%%%%%%%%%%%%%%%%%%%%%%%%%%%
%%%%%%%%%%%%%%%%%%%%%%%%%%%%%%%%%%%%%%%%
  
%%%%%% SmartInspect %%%%%%
@article{Valeske20SmartNDE,
author = { B. Valeske  and  A. Osman  and  F. R{\"o}mer  and  R. Tschuncky},
title = {{Next Generation NDE Sensor Systems as IIoT Elements of Industry 4.0}},
journal = {Research in Nondestructive Evaluation},
volume = {31},
number = {5-6},
pages = {340-369},
year  = {2020},
publisher = {Taylor & Francis},
OPTdoi = {10.1080/09349847.2020.1841862},
note = {\url{https://doi.org/10.1080/09349847.2020.1841862 }}
}


%%%%%% Else %%%%%%
@Misc{OlympusReportHighTempUT,
author = {OLYMPUS CORPORATION},
title = {{High Temperature Ultrasonic Testing}},
howpublished = {\url{https://www.olympus-ims.com/en/applications/high-temperature-ultrasonic-testing/}},
}

@Article{Ginzel16NDTnet,
author = {E. Ginzel and B. Turnbull},
title = {{Determining Approximate Acoustic Properties of Materials}},
journal = {e-Journal of Nondestructive Testing},
year = {2016},
month = {December},
note = {\url{https://www.ndt.net/search/docs.php3?id=20452}},
}


%%%%%%%%%%%%%%%%%%%%%%%%%%%%%%%%%%%%%%%%%%%%%%%%%%%%%%%%%%%%%%%%%%%%%%%%%%%%%
%============================================== from ARP1920WS =====%
%%%%%%%%%%%%%%%%%%%%%%%%%%%%%%%%%%%%%%%%%%%%%%%%%%%%%%%%%%%%%%%%%%%%%%%%%%%%%

%%%%%% TLS %%%%%%
@article{Golub80TLS,
OPTISSN = {00361429},
OPTurl = {http://www.jstor.org/stable/2156807},
author = {G. H. Golub and C. F. Van Loan},
journal = {SIAM Journal on Numerical Analysis},
number = {6},
pages = {883--893},
publisher = {Society for Industrial and Applied Mathematics},
title = {An Analysis of the Total Least Squares Problem},
volume = {17},
year = {1980}
}

@article{Markovsky07TLS,
title = "Overview of total least-squares methods",
journal = "Signal Processing",
volume = "87",
number = "10",
pages = "2283 - 2302",
year = "2007",
note = "Special Section: Total Least Squares and Errors-in-Variables Modeling",
OPTissn = "0165-1684",
OPTdoi = "https://doi.org/10.1016/j.sigpro.2007.04.004",
OPTurl = "http://www.sciencedirect.com/science/article/pii/S0165168407001405",
author = "I. Markovsky and S. Van Huffel",
}

@article{VanHuffel07TLS,
author = {S. Van Huffel and I. Markovsky and R. J. Vaccaro and T. S{\"o}derstr{\"o}m},
title = {Total least squares and errors-in-variables modeling},
journal = {Signal Processing},
volume = {87},
number = {10},
pages = {2281 - 2282},
year = {2007},
OPTnote = {Special Section: Total Least Squares and Errors-in-Variables Modeling},
issn = {0165-1684},
doi = {https://doi.org/10.1016/j.sigpro.2007.04.008},
OPTurl = {http://www.sciencedirect.com/science/article/pii/S0165168407001557},
}

%%%%%% Newton %%%%%%
@Book{Nocedal06NumOpt,
author = {J. Nocedal and S. J. Wright},
title = {Numerical Optimization},
publisher = {Springer-Verlag New York},
year = {2006},
}

@Book{Bonnans06NumOpt,
author = {J.F. Bonnans and J. C. Gilbert and C. Lemar{\'e}chal · C. A. Sagastiz{\'a}bal},
title = {Numerical Optimization Theoretical and Practical Aspects},
publisher = {Springer-Verlag Berlin Heidelberg},
year = {2006},
}

%%%% API %%%%%%
@article{Holmes05API,  
title = {{Post-processing of the full matrix of ultrasonic transmit-receive array data for non-destructive evaluation}}, 
author = {C. Holmes and B.W. Drinkwater and P.D. Wilcox},  
journal = {NDT and E International},  
year = {2005},  
month  = {12},
OPTdoi = "10.1016/j.ndteint.2005.04.002", 
OPTvolume = "38",
OPTnumber = "8",
OPTpages = "701--711", 
OPTISSN = "0963-8695",  
OPTpublisher = "Butterworth-Heinemann"
}

%%%% SmartInspect %%%%
@Article{Krieg19Insight,
author = {{F. Krieg and J. Kirchhof and S. Kodera and S. Lugin and A. Ihlow and T. Schwender and G. Del Galdo and F. R{\"o}mer and A. Osman}},
title = {{SAFT processing for manually acquired ultrasonic measurement data with 3D smartInspect}},
journal = {{Insight - Non-Destructive Testing and Condition Monitoring}},
year = {2019},
volume = {61},
number = {11},
pages = {663-669(7)},
month = {November},
}

%%%% Transducer %%%%
@Manual{OlympusCatalog,
title = {{Olympus Product Catalog}},
organization = {{NDT Engineering Corporation}},
note = {\url{http://www.ndt-td.ru/doc/File/ndteng.pdf}}
}

%%%%%%%%%%%%%%%%%%%%%%%%%%%%%%%%%%%%%%%%%%%%%%%%%%%%%%%%%%%%%%%%%%%%%%%%%%%%%
%================================================= from RP19SS =====%
%%%%%%%%%%%%%%%%%%%%%%%%%%%%%%%%%%%%%%%%%%%%%%%%%%%%%%%%%%%%%%%%%%%%%%%%%%%%%

@InProceedings{Kirchhof16IUS,
author = {J. Kirchhof and F. Krieg and F. R{\"o}mer and A. Ihlow and A. Osman and G. Del Galdo},
title = {{Speeding up 3D SAFT for ultrasonic NDT by sparse deconvolution}},
booktitle = {IEEE IUS},
year = {2016},
}

@InProceedings{Flynn18IUS,
author = {E. B. Flynn and N. D. Stull},
title = {{Toward utilizing Full-field Laser-Ultrasound for Practical Nondestructive Inspection with Acoustic Wavenumber Spectroscopy}},
year = {2018},
booktitle = {IEEE IUS},
}


@Article{Cawley01IMechE,
author = {P. Cawley},
title = {{Non-destructive testing - current capabilities and future directions}},
journal = {Proceedings of the Institution of Mechanical Engineers, Part L},
year = {2001},
volume = {vol 215},
}


@InProceedings{Stepinski00WCNDT,
author = {T. Stepinski and L. Ericsson},
title = {{Signal Processing for Ultrasonic Testing of Material with Coarse Structure}},
booktitle = {WCNDT},
year = {2000}
}

@InProceedings{Ericsson98ECNDDT,
author = {L. Ericsson and M.G. Gustafsson},
title = {{Perception and Entropy Inspired Ultrasonic Grain Noise Suppression using Noncoherent Detector Statistics}},
booktitle = {ECNDT},
year = {1998},
}

@Article{McNab87NDTI,
author = {A. McNab and M. J. Campbell},
title = {Ultrasonic phased arrays for nondestructive testing},
journal = {NDT International},
year = {1987},
}


@TechReport{Hall88,
author = {T.E. Hall and L.D. Reid and S.R. Doctor},
title = {{The SAFT-UT Real-Time Inspection System - Operational Principles and Implementation}},
institution = {Pacific Northwest Laboratory},
year = {1988},
OPTnote = {\url{https://www.osti.gov/servlets/purl/7176682}},
}

@InProceedings{Krieg19IUS,
author = {F. Krieg and S. Kodera and J. Kirchhof and F. R{\"o}mer and A. Ihlow and S. Lugin and A. Osman and G. Del Galdo},
title = {{3D reconstruction of handheld data by SAFT and its impediment by measurement inaccuracies}},
booktitle = {IEEE IUS},
year = {2019},
}



%%%%%%%%%%%%%%%%%%%%%%%%%%%%%%%%%%%%%%%%%%%%%%%%%%%%%%%%%%%%%%%%%%%%%%%%%%%%%
%====================================================== from BA ====%
%%%%%%%%%%%%%%%%%%%%%%%%%%%%%%%%%%%%%%%%%%%%%%%%%%%%%%%%%%%%%%%%%%%%%%%%%%%%%

@MastersThesis{Krieg15MA,
author = {F. Krieg},
title = {Advanced Image Reconstruction Techniques
for Ultrasonic Imaging Applications},
school = {Technische Universität Ilmenau},
year = {2015},
}

@InProceedings{Krieg17Comp3DfastSAFT,
author = {F. Krieg and R. Pandey and J. Kirchhof and A. Ihlow and F. R{\"o}mer and G. del Galdo and A. Osman},
title = {Implementation Issues of 3D SAFT in Time and Frequency Domain for the Fast Inspection of Heavy Plates},
booktitle = {IEEE International Ultrasonics Symposium},
year = {2017},
}

@InProceedings{Krieg18IUS,
author = {F. Krieg{,} R. Pandey{,} J. Kirchhof{,} A. Ihlow{,} F. R{\"o}mer and G. del Galdo and Ahmad Osman},
title = {{Progressive online 3-D SAFT processing by matrix structure exploitation}},
booktitle = {IEEE International Ultrasonics Symposium},
year = {2018},
}

@InProceedings{Krieg18SHMNDT,
author = {{F. Krieg and S. Lugin and J. Kirchhof and A. Ihlow and T. Schwender and G. del Galdo and F. R{\"o}mer and A. Osman}},
title = {{SAFT processing for manually acquired ultrasonic measurement data with 3D smartInspect}},
booktitle = {SHM-NDT},
year = {2018},
}


@Misc{Guarneri15SAFTwithSRS,
author = {G. A. Guarneri{,} D. R. Pipa{,} F. Neves Junior{,} L. V. Ramos de Arruda{,} M. V. W. Zibetti},
title = {{A Sparse Reconstruction Algorithm for Ultrasonic Images in Nondestructive Testing}},
howpublished = {\url{https://www.ncbi.nlm.nih.gov/pmc/articles/PMC4431274/}},
year = {2015},
month = {April},
note = {Online : last accessed September 2018},
}

@PhdThesis{Nikolov01medSAU,
author = {Svetoslav Ivanov Nikolov},
title = {Synthetic aperture tissue and flow
ultrasound imaging},
school = {Technical University of Denmark},
year = {2001},
address = {\url{http://orbit.dtu.dk/fedora/objects/orbit:88728/datastreams/file_6291547/content}},
month = {08},
}

@InProceedings{Mayer16SAFTwithSmallData,
author = {K. Mayer{,} M. Ibrahim{,} M. Krause{,} M. Schubert},
title = {{Requirements for a Small Size Ultrasonic Imaging System for Inspection of Concrete Elements}},
note = {19th World Conference on Non-Destructive Testing},
year = {2016},
}

@InProceedings{Mooshofer16SAFTwithBiggerGridandArtifacts,
author = {H. Mooshofer{,} J. Vrana},
title = {Optimization of the Inspection Duration for SAFT},
note = {19th World Conference on Non-Destructive Testing},
year = {2016},
}

@Misc{Mosey13BMWSAFT, 
author = {Stephen A. Mosey{,} Peter C. Charlton{,} Ian Wells},
title = {A Modified Synthetic Aperture Focussing Technique Utilising the Spatial Impulse Response of the Ultrasound Transducer},
howpublished = {\url{https://pdfs.semanticscholar.org/b6d8/be22ca6de429e7cad9f6db4cdb54f456f696.pdf}},
year = {2013}
}

@PhdThesis{Zimmer08ZfP,
author = {Alexander Zimmer},
title = {{A}bbildende zerst{\"o}rungsfreie {P}r{\"u}fverfahren mit elastischen und elektromagnetischen {W}ellen},
school = {Universit{\"a}t Kassel},
year = {2008}
}

@Misc{NDTindustrialreport,
author = {Mordor Intelligence},
title = {Global Non-destructive Testing Market},
howpublished = {\url{https://www.mordorintelligence.com/industry-reports/global-non-destructive-testing-market-industry}},
month = {May},
year = {2018},
note = {Online : last accessed 09.01.2019},
}

@Misc{DGZfPintro,
author = {{D}eutsche {G}esellschaft für {Z}erstörungsfreie {P}rüfung},
title = {Was ist zerstörungsfreie {P}rüfung?},
howpublished = {\url{http://www.dgzfp.de/Startseite/Wir-%C3%BCber-uns/ZfP-Einf%C3%BChrung}},
OPTyear = {•},
note = {Online : last accessed 09.01.2019},
}

@PhdThesis{Lingvall04PhD,
author = {F. Lingvall},
title = {{Time-domain Reconstruction Methods for Ultrasonic Array Imaging}},
school = {Uppsala University},
year = {2004},
OPTnote = {\url{http://www.signal.uu.se/Publications/pdf/fredrik_thesis.pdf}},
}

@InProceedings{Stepinski10EUSAR,
author = {T. Stepinski and F. Lingvall},
title = {Synthetic aperture focusing techniques for ultrasonic imaging of solid objects},
note = {EUSAR},
year = {2010}
}

@TechReport{Doctor96,
author = {S. R. Doctor and G. J. Schuster and L. D. Reid and T. E. Hall},
title = {{Real-Time 3-D SAFT-UT System Evaluation and Validation}},
institution = {Pacific Northwest National Laboratory},
year = {1996},
}

@Article{Lingvall03ASA,
author = {F. Lingvall{,} T. Olofsson{,} T. Stepinski},
title = {{Synthetic aperture imaging using sources with finite aperture: Deconvolution of the spatial impulse response}},
journal = {Acoustical Society of America},
year = {2003},
month = {July},
pages = {p.225-234},
}

@Misc{UTBeamDivergence,
title = {Transducer Beam Spread},
howpublished = {\url{https://www.nde-ed.org/EducationResources/CommunityCollege/Ultrasonics/EquipmentTrans/beamspread.htm}},
year = {2014},
note = {Online : last accessed 09.01.2019},
}

@Misc{UTDataPresentation,
title = {Data Presentation},
howpublished = {\url{https://www.nde-ed.org/EducationResources/CommunityCollege/Ultrasonics/EquipmentTrans/DataPres.htm}},
year = {2014},
note = {Online : last accessed 09.01.2019},
}


@Article{Lu94MedBeamForming,
author = {Jian-Yu Lu{,} Hehong Zou {,} James F. Greenleaf},
title = {{Biomedical Ultrasound Beam Forming }},
journal = {Ultrasound in Medicine and Biology},
year = {1994},
volume = {20},
number = {5},
note = {\url{https://ac.els-cdn.com/0301562994900973/1-s2.0-0301562994900973-main.pdf?_tid=25e6c663-e68e-49ad-8aee-8865592f6e4f&acdnat=1542830295_e3683687e6f1c7127013757d7b3b7902}}
}

@Book{Goodman68FourierOptics,
author = {Joseph W. Goodman},
title = {Introduction to Fourier Optics},
publisher = {McGraw-Hill},
year = {1968},
}

@Article{Molares19GCNR,
author = {A. {Rodriguez-Molares} and O. M. H. {Rindal} and J. {D’hooge} and S. {M\r{a}s{\o}y} and A. {Austeng} and M. A. L. {Bell} and H. {Torp}},
title = {The generalized contrast-to-noise ratio: a formal definition for lesion detectability},
journal = {IEEE Transactions on Ultrasonics, Ferroelectrics, and Frequency Control},
year = {2019},
}

@Misc{WSPraktikumUS1,
author = {Technische Universität Ilmenau, Fakultät für Elektrotechnik und Informationstechnik, Institut für Werkstofftechnik},
title = {{V}ersuchsanleitung {U}ltraschallprüfung 1},
howpublished = {\url{https://www.tu-ilmenau.de/wt/lehre/praktika/weitere-studiengaenge-wintersemester/}},
year = {2018},
note = {Online : last accessed 03.01.2019}
}

@article{GaborAsymmChirp,
author = {R. Demirli and J. Saniie},
title = {{Asymmetric Gaussian Chirplet Model for Ultrasonic Echo Analysis}},
journal = {IEEE International Ultrasonics Symposium Proceedings},
year = {2010},
}

@Book{RajNDToaformula,
author = {Baldev Raj{,} T. Jayakumar{,} M. Thavasimuthu},
title = {Practical Non-destructive Testing},
publisher = {Woodhead Publishing Ltd.},
year = {1987},
}

@Misc{TransducerCatalogue,
author = {Sonatest},
title = {Transducer Catalogue},
howpublished = {\url{http://www.grimas.hu/wp-content/uploads/2014/03/Transducers.pdf}},
year = {2014},
note = {Online : last accessed November 2018},
}

@InProceedings{Yang14SAFTForwardModel,
author = {C. Yang{,} K. Qin{,} Y. Li},
title = {Real-time ultrasonic imaging for multi-layered
objects with synthetic aperture focusing technique},
note = {IEEE I2MTC},
year = {2014},
}

@InProceedings{Erhard07ZfPAufgaben,
author = {Anton Erhard},
title = {Aufgaben und {A}bgrenzung der zerstörungsfreien {P}rüfung},
note = {DGZfP-Jahrestagung},
year = {2007},
note = {\url{https://www.ndt.net/article/dgzfp07/Inhalt/v11.pdf}},
}

@Book{Krautkraemer90,
author = {J. Krautkr{\"a}mer and H. Krautkr{\"a}mer},
title = {{Ultrasonic Testing of Materials}},
publisher = {Springer-Verlag},
year = {1990},
}

@Misc{Shalizi15Lecture13LinerAlgebraMSE,
author = {Cosma Shalizi},
title = {Lecture 13 : Simple Linear Regression in Matrix Format},
howpublished = {\url{http://www.stat.cmu.edu/~cshalizi/mreg/15/}},
year = {2015},
note = {Lecture note of the Modern Regression course at Carnegie Mellon University, last accessed in December 2018},
}

@InProceedings{Roemer12DictionaryUnfolding,
author = {Florian Römer{,} Carola Schroeter{,} Martin Haardt },
title = {A semi-algebraic framework for
approximate CP decompositions via joint matrix diagonalization and
generalized unfoldings,},
note = {Asilomar},
year = {2012},
month = {Nov},
}

@Misc{Ginzel99UTroughsurface,
author = {Ed Ginzel},
title = {Ultrasonic Inspection 2 – Training For Nondestructive Testing – Variables Affecting Test Results},
howpublished = {\url{https://www.ndt.net/article/v04n06/gin_ut2/gin_ut2.htm}},
month = {June},
year = {1999},
note = {online : last accessed 10.01.19},
}


@InProceedings{Sutcliffe13TFMwithNonPlanarSurface,
author = {M Sutcliffe{,} M Weston{,} P Charlton{,} K Donne{,} B Wright{,} I Cooper},
title = {Full matrix capture with time-efficient auto-focusing of
unknown geometry through dual-layered media},
booktitle = {Insight},
volume = {vol 55},
number = {Nr.6},
year = {2013},
note = {\url{https://repository.uwtsd.ac.uk/690/1/Sutcliff,%20M.et%20al..(2013)Full%20Matrix%20capture%20with%20time-efficient.pdf.pdf}},
}

@Article{Wang18UTwithRoughSurface,
author = {Zhe Wang{,} Ximing Cui ID{,} Hongbao Ma{,} Yihua Kang{,} Zhiyang Deng},
title = {{Effect of Surface Roughness on Ultrasonic Testing of Back-Surface Micro-Cracks}},
journal = {applied science},
year = {2018},
note = {\url{https://www.ndt.net/article/ndt-review/papers/applsci-08-01233-v2.pdf}},
}

@Article{Benstock14UTwithRoughSurface,
author = {Daniel Benstock{,} Frederic Cegla{,} Mark Stone},
title = {The influence of surface roughness on ultrasonic thickness measurements},
journal = {Acoustic Society of America},
year = {2014},
note = {\url{https://asa.scitation.org/doi/pdf/10.1121/1.4900565}},
}

@Misc{UTNormalPruefkopf,
author = {Polymer Service GmbH Merseburg},
title = {Ultraschall-{N}ormal-{P}rüfköpfe},
howpublished = {\url{https://wiki.polymerservice-merseburg.de/index.php/Ultraschall-Normal-Pr%C3%BCfk%C3%B6pfe}},
month = {Dezember},
year = {2018},
note = {Online last accessed : 24.12.2018},
}


@PhdThesis{Dobie10PhD,
author = {Gordon Dobie},
title = {Ultrasonic sensor platforms for non-destructive evaluation},
school = {University of Strathclyde},
year = {2010},
note = {\url{https://strathprints.strath.ac.uk/59953/}},
}


