@Misc{PGFPlotsGallery,
title = {PGFPlots Gallery},
howpublished = {\url{http://pgfplots.sourceforge.net/gallery.html}},
note = {Online : last accessed in August 2018},
}

@Misc{PGFPlotsManual,
author = {Dr. Christian Feuers{\"a}nger},
title = {Manual for Package pgfplots},
howpublished = {\url{http://pgfplots.sourceforge.net/pgfplots_layers.pdf}},
year = {2012},
note = {Online : last accessed in Augsut 2018},
}


