@MastersThesis{Krieg15MA,
author = {Fabian Krieg},
title = {Advanced Image Reconstruction Techniques
for Ultrasonic Imaging Applications},
school = {Technische Universität Ilmenau},
year = {2015},
}

@InProceedings{Krieg17Comp3DfastSAFT,
author = {F. Krieg{,} J. Kirchhof{,} F. R{\"o}mer{,} A. Ihlow{,} G. Del Galdo{,} A. Osman},
title = {Implementation Issues of 3D SAFT in Time and
Frequency Domain for the Fast Inspection of Heavy
Plates},
booktitle = {IEEE International Ultrasonics Symposium},
year = {2017},
}

@InProceedings{Krieg18ProgressiveOnline3DSAFT,
author = {Fabian Krieg{,} Rick Pandey{,} Jan Kirchhof{,} Alexander Ihlow{,} Florian Römer{,} Giovanni del Galdo{,} Ahmad Osman},
title = {Progressive online 3-D SAFT processing by matrix
structure exploitation},
booktitle = {IEEE International Ultrasonics Symposium},
year = {2018},
}

@InProceedings{Krieg18SAFTwithSmartInspect,
author = {F. Krieg{,} S. Lugin{,} J. Kirchhof{,} A. Ihlow{,} T. Schwender{,} G. Del Galdo{,} F. Römer{,} A. Osman},
title = {SAFT processing for manually acquired
ultrasonic measurement data with 3D smartInspect},
booktitle = {SHM-NDT},
year = {2018},
}


@Misc{Guarneri15SAFTwithSRS,
author = {G. A. Guarneri{,} D. R. Pipa{,} F. Neves Junior{,} L. V. Ramos de Arruda{,} M. V. W. Zibetti},
title = {A Sparse Reconstruction Algorithm for Ultrasonic Images in Nondestructive Testing},
howpublished = {\url{https://www.ncbi.nlm.nih.gov/pmc/articles/PMC4431274/}},
year = {2015},
month = {April},
note = {Online : last accessed September 2018},
}

@PhdThesis{Nikolov01medSAU,
author = {Svetoslav Ivanov Nikolov},
title = {Synthetic aperture tissue and flow
ultrasound imaging},
school = {Technical University of Denmark},
year = {2001},
address = {\url{http://orbit.dtu.dk/fedora/objects/orbit:88728/datastreams/file_6291547/content}},
month = {08},
}

@InProceedings{Mayer16SAFTwithSmallData,
author = {K. Mayer{,} M. Ibrahim{,} M. Krause{,} M. Schubert},
title = {Requirements for a Small Size Ultrasonic Imaging System for Inspection of Concrete Elements},
booktitle = {19th World Conference on Non-Destructive Testing},
year = {2016},
}

@InProceedings{Mooshofer16SAFTwithBiggerGridandArtifacts,
author = {H. Mooshofer{,} J. Vrana},
title = {Optimization of the Inspection Duration for SAFT},
booktitle = {19th World Conference on Non-Destructive Testing},
year = {2016},
}

@Misc{Mosey13BMWSAFT, 
author = {Stephen A. Mosey{,} Peter C. Charlton{,} Ian Wells},
title = {A Modified Synthetic Aperture Focussing Technique Utilising the Spatial Impulse Response of the Ultrasound Transducer},
howpublished = {\url{https://pdfs.semanticscholar.org/b6d8/be22ca6de429e7cad9f6db4cdb54f456f696.pdf}},
year = {2013}
}

@PhdThesis{Zimmer08ZfP,
author = {Alexander Zimmer},
title = {{A}bbildende zerst{\"o}rungsfreie {P}r{\"u}fverfahren mit elastischen und elektromagnetischen {W}ellen},
school = {Universit{\"a}t Kassel},
year = {2008}
}

@Misc{NDTindustrialreport,
author = {Mordor Intelligence},
title = {Global Non-destructive Testing Market},
howpublished = {\url{https://www.mordorintelligence.com/industry-reports/global-non-destructive-testing-market-industry}},
month = {May},
year = {2018},
note = {Online : last accessed 09.01.2019},
}

@Misc{DGZfPintro,
author = {{D}eutsche {G}esellschaft für {Z}erstörungsfreie {P}rüfung},
title = {Was ist zerstörungsfreie {P}rüfung?},
howpublished = {\url{http://www.dgzfp.de/Startseite/Wir-%C3%BCber-uns/ZfP-Einf%C3%BChrung}},
OPTyear = {•},
note = {Online : last accessed 09.01.2019},
}

@PhdThesis{Lingvall04PhD,
author = {Fredrik Lingvall},
title = {Time-domain Reconstruction Methods
for Ultrasonic Array Imaging},
school = {Uppsala University},
year = {2004},
note = {\url{http://www.signal.uu.se/Publications/pdf/fredrik_thesis.pdf}},
}

@InProceedings{Stepinski10SAFTreview,
author = {Tadeusz Stepinski{,} Fredrik Lingvall},
title = {Synthetic aperture focusing techniques for ultrasonic imaging
of solid objects},
booktitle = {EUSAR},
year = {2010}
}

@TechReport{Doctor96onlineSAFTreview,
author = {S. R. Doctor{,} G. J. Schuster{,} L. D. Reid{,} T. E. Hall},
title = {Real-Time 3-D SAFT-UT System Evaluation and Validation},
institution = {Pacific Northwest National Laboratory},
year = {1996},
}

@Article{Lingvall03SAIwithDeconvolution,
author = {Fredrik Lingvall{,} Tomas Olofsson{,} Tadeusz Stepinski},
title = {Synthetic aperture imaging using sources with finite aperture:
Deconvolution of the spatial impulse response},
journal = {Acoustical Society of America},
year = {2003},
month = {July},
pages = {p.225-234},
}

@Misc{UTBeamDivergence,
title = {Transducer Beam Spread},
howpublished = {\url{https://www.nde-ed.org/EducationResources/CommunityCollege/Ultrasonics/EquipmentTrans/beamspread.htm}},
year = {2014},
note = {Online : last accessed 09.01.2019},
}

@Misc{UTDataPresentation,
title = {Data Presentation},
howpublished = {\url{https://www.nde-ed.org/EducationResources/CommunityCollege/Ultrasonics/EquipmentTrans/DataPres.htm}},
year = {2014},
note = {Online : last accessed 09.01.2019},
}


@Article{Lu94MedBeamForming,
author = {Jian-Yu Lu{,} Hehong Zou {,} James F. Greenleaf},
title = {Biomedical Ultrasound Beam Forming },
journal = {Ultrasound in Medicine and Biology},
year = {1994},
volume = {20},
number = {5},
note = {\url{https://ac.els-cdn.com/0301562994900973/1-s2.0-0301562994900973-main.pdf?_tid=25e6c663-e68e-49ad-8aee-8865592f6e4f&acdnat=1542830295_e3683687e6f1c7127013757d7b3b7902}}
}

@Book{Goodman68FourierOptics,
author = {Joseph W. Goodman},
title = {Introduction to Fourier Optics},
publisher = {McGraw-Hill},
year = {1968},
}

@InProceedings{Molares18GCNR,
author = {Alfonso Rodriguez-Molares{,}  Ole Marius Hoel Rindal{,} Jan D’hooge{,} Svein-Erik M{\aa}s{{\o}}y{,} Andreas Austeng{,} Hans Torp},
title = {The Generalized Contrast-to-Noise Ratio},
booktitle = {IEEE International Ultrasonics Symposium},
year = {2018},
}

@Misc{WSPraktikumUS1,
author = {Technische Universität Ilmenau, Fakultät für Elektrotechnik und Informationstechnik, Institut für Werkstofftechnik},
title = {{V}ersuchsanleitung {U}ltraschallprüfung 1},
howpublished = {\url{https://www.tu-ilmenau.de/wt/lehre/praktika/weitere-studiengaenge-wintersemester/}},
year = {2018},
note = {Online : last accessed 03.01.2019}
}

@article{GaborAsymmChirp,
author = {R. Demirli{,} J. Saniie},
title = {Asymmetric Gaussian Chirplet Model for Ultrasonic Echo Analysis},
journal = {IEEE International Ultrasonics Symposium Proceedings},
year = {2010},
}

@Book{RajNDToaformula,
author = {Baldev Raj{,} T. Jayakumar{,} M. Thavasimuthu},
title = {Practical Non-destructive Testing},
publisher = {Woodhead Publishing Ltd.},
year = {1987},
}

@Misc{TransducerCatalogue,
author = {Sonatest},
title = {Transducer Catalogue},
howpublished = {\url{http://www.grimas.hu/wp-content/uploads/2014/03/Transducers.pdf}},
year = {2014},
note = {Online : last accessed November 2018},
}

@InProceedings{Yang14SAFTForwardModel,
author = {C. Yang{,} K. Qin{,} Y. Li},
title = {Real-time ultrasonic imaging for multi-layered
objects with synthetic aperture focusing technique},
booktitle = {IEEE I2MTC},
year = {2014},
}

@InProceedings{Erhard07ZfPAufgaben,
author = {Anton Erhard},
title = {Aufgaben und {A}bgrenzung der zerstörungsfreien {P}rüfung},
booktitle = {DGZfP-Jahrestagung},
year = {2007},
note = {\url{https://www.ndt.net/article/dgzfp07/Inhalt/v11.pdf}},
}

@Book{Krautkraemer90UT,
author = {J. Krautkrämer{,} H. Krautkrämer},
title = {Ultrasonic testing of materials},
publisher = {Springer-Verlag Berlin Heidelberg },
year = {1990},
}

@Misc{Shalizi15Lecture13LinerAlgebraMSE,
author = {Cosma Shalizi},
title = {Lecture 13 : Simple Linear Regression in Matrix Format},
howpublished = {\url{http://www.stat.cmu.edu/~cshalizi/mreg/15/}},
year = {2015},
note = {Lecture note of the Modern Regression course at Carnegie Mellon University, last accessed in December 2018},
}

@InProceedings{Roemer12DictionaryUnfolding,
author = {Florian Römer{,} Carola Schroeter{,} Martin Haardt },
title = {A semi-algebraic framework for
approximate CP decompositions via joint matrix diagonalization and
generalized unfoldings,},
booktitle = {Asilomar},
year = {2012},
month = {Nov},
}

@Misc{Ginzel99UTroughsurface,
author = {Ed Ginzel},
title = {Ultrasonic Inspection 2 – Training For Nondestructive Testing – Variables Affecting Test Results},
howpublished = {\url{https://www.ndt.net/article/v04n06/gin_ut2/gin_ut2.htm}},
month = {June},
year = {1999},
note = {online : last accessed 10.01.19},
}


@InProceedings{Sutcliffe13TFMwithNonPlanarSurface,
author = {M Sutcliffe{,} M Weston{,} P Charlton{,} K Donne{,} B Wright{,} I Cooper},
title = {Full matrix capture with time-efficient auto-focusing of
unknown geometry through dual-layered media},
booktitle = {Insight},
volume = {vol 55},
number = {Nr.6},
year = {2013},
note = {\url{https://repository.uwtsd.ac.uk/690/1/Sutcliff,%20M.et%20al..(2013)Full%20Matrix%20capture%20with%20time-efficient.pdf.pdf}},
}

@Article{Wang18UTwithRoughSurface,
author = {Zhe Wang{,} Ximing Cui ID{,} Hongbao Ma{,} Yihua Kang{,} Zhiyang Deng},
title = {Effect of Surface Roughness on Ultrasonic Testing of
Back-Surface Micro-Cracks},
journal = {applied science},
year = {2018},
note = {\url{https://www.ndt.net/article/ndt-review/papers/applsci-08-01233-v2.pdf}},
}

@Article{Benstock14UTwithRoughSurface,
author = {Daniel Benstock{,} Frederic Cegla{,} Mark Stone},
title = {The influence of surface roughness on ultrasonic thickness measurements},
journal = {Acoustic Society of America},
year = {2014},
note = {\url{https://asa.scitation.org/doi/pdf/10.1121/1.4900565}},
}

@Misc{UTNormalPruefkopf,
author = {Polymer Service GmbH Merseburg},
title = {Ultraschall-{N}ormal-{P}rüfköpfe},
howpublished = {\url{https://wiki.polymerservice-merseburg.de/index.php/Ultraschall-Normal-Pr%C3%BCfk%C3%B6pfe}},
month = {Dezember},
year = {2018},
note = {Online last accessed : 24.12.2018},
}


@PhdThesis{Dobie10PhD,
author = {Gordon Dobie},
title = {Ultrasonic sensor platforms for non-destructive evaluation},
school = {University of Strathclyde},
year = {2010},
note = {\url{https://strathprints.strath.ac.uk/59953/}},
}


